@book{Sowa:1984:CSI:4569,
 author = {Sowa, J. F.},
 title = {Conceptual Structures: Information Processing in Mind and Machine},
 year = {1984},
 isbn = {0-201-14472-7},
 publisher = {Addison-Wesley Longman Publishing Co., Inc.},
 address = {Boston, MA, USA},
}

@article{rainie2010internet,
  title={Internet, broadband, and cell phone statistics},
  author={Rainie, Lee},
  journal={Pew Internet \& American Life Project},
  volume={5},
  year={2010}
}

@misc{visualparadigm,
  author = {Visual Paradigm International},
  title = {Visual Paradigm},
  howpublished = "\url{http://www.visual-paradigm.com}",
  note = "[Online; accessed 21-June-2015]"
}
